001  0000011
005  20170114125959.884
008  170114s||||     bl|||||||||||||||||por|u
020    $a9788561191405
090    $a82-95$bD812.f
100 1  $aDuarte, Constância Lima
245 10 $aFalas do outro$bliteratura, gênero, etnicidade
260    $aBelo Horizonte$bNandyala, NEIA$c2010
300    $a344 p.
650    $aCritica literatura 
650    $aRelações étnico-racial
650    $aRelações de gênero
650    $aAlteridade
650    $aLiteratura afro-brasileira
650    $aPerformances afro-brasileira
